<?xml version="1.0" encoding="UTF-8"?><collection xmlns="http://www.loc.gov/MARC21/slim"><record><leader>00528nam--2200193-i-4500</leader><controlfield tag="001">000009429</controlfield><controlfield tag="002">20161230</controlfield><controlfield tag="005">20161230201028</controlfield><controlfield tag="008">060222s1000------------r-----000-0-rus-d</controlfield><datafield ind1=" " ind2=" " tag="040"><subfield code="a">IFIN-HH</subfield></datafield><datafield ind1=" " ind2=" " tag="041"><subfield code="a">rus</subfield></datafield><datafield ind1=" " ind2=" " tag="080"><subfield code="a">539.12</subfield></datafield><datafield ind1="1" ind2=" " tag="100"><subfield code="a">Bernstein, Jeremy</subfield></datafield><datafield ind1="1" ind2="0" tag="245"><subfield code="a">Elementarnie ceastiti i ih toki</subfield><subfield code="c">Jeremy bernstein</subfield></datafield><datafield ind1=" " ind2=" " tag="260"><subfield code="a">Moskva</subfield><subfield code="b">Mir</subfield><subfield code="c">1970</subfield></datafield><datafield ind1=" " ind2=" " tag="300"><subfield code="a">397P</subfield></datafield><datafield ind1=" " ind2=" " tag="500"><subfield code="a">Titlul Original I Limba Engleza: Elementary Particles And Their Currents</subfield></datafield><datafield ind1=" " ind2=" " tag="852"><subfield code="a">34027</subfield><subfield code="c">539.12</subfield></datafield><datafield ind1=" " ind2=" " tag="CAT"><subfield code="a">Sys</subfield><subfield code="c">20111121</subfield><subfield code="h">134715</subfield></datafield></record></collection>